@article{abs-2308-14211,
  author       = {Yasaman Abedini and
                  Abbas Heydarnoori},
  title        = {Can GitHub Issues Help in the App Review Classifications?},
  journal      = {CoRR},
  volume       = {abs/2308.14211},
  year         = {2023},
  url          = {https://doi.org/10.48550/arXiv.2308.14211},
  doi          = {10.48550/arXiv.2308.14211},
  eprinttype    = {arXiv},
  eprint       = {2308.14211},
  timestamp    = {Fri, 01 Sep 2023 14:25:01 +0200},
  biburl       = {https://dblp.org/rec/journals/corr/abs-2308-14211.bib},
  bibsource    = {dblp computer science bibliography, https://dblp.org}
}

@article{RoccoRSNR23,
  author       = {Juri Di Rocco and
                  Davide Di Ruscio and
                  Claudio Di Sipio and
                  Phuong T. Nguyen and
                  Riccardo Rubei},
  title        = {HybridRec: {A} recommender system for tagging GitHub repositories},
  journal      = {Appl. Intell.},
  volume       = {53},
  number       = {8},
  pages        = {9708--9730},
  year         = {2023},
  url          = {https://doi.org/10.1007/s10489-022-03864-y},
  doi          = {10.1007/s10489-022-03864-y},
  timestamp    = {Wed, 17 May 2023 21:57:04 +0200},
  biburl       = {https://dblp.org/rec/journals/apin/RoccoRSNR23.bib},
  bibsource    = {dblp computer science bibliography, https://dblp.org}
}

@article{AlsharaSSS23,
  author       = {Zakarea Alshara and
                  Hamzeh Eyal Salman and
                  Anas Shatnawi and
                  Abdelhak{-}Djamel Seriai},
  title        = {ML-Augmented Automation for Recovering Links Between Pull-Requests
                  and Issues on GitHub},
  journal      = {{IEEE} Access},
  volume       = {11},
  pages        = {5596--5608},
  year         = {2023},
  url          = {https://doi.org/10.1109/ACCESS.2023.3236392},
  doi          = {10.1109/ACCESS.2023.3236392},
  timestamp    = {Tue, 31 Jan 2023 20:44:07 +0100},
  biburl       = {https://dblp.org/rec/journals/access/AlsharaSSS23.bib},
  bibsource    = {dblp computer science bibliography, https://dblp.org}
}

@article{abs-1902-05216,
  author       = {Neda Hajiakhoond Bidoki and
                  Gita Sukthankar and
                  Heather Keathley and
                  Ivan Garibay},
  title        = {A Cross-Repository Model for Predicting Popularity in GitHub},
  journal      = {CoRR},
  volume       = {abs/1902.05216},
  year         = {2019},
  url          = {http://arxiv.org/abs/1902.05216},
  eprinttype    = {arXiv},
  eprint       = {1902.05216},
  timestamp    = {Tue, 21 May 2019 18:03:36 +0200},
  biburl       = {https://dblp.org/rec/journals/corr/abs-1902-05216.bib},
  bibsource    = {dblp computer science bibliography, https://dblp.org}
}

@article{RamasamySBB23,
  author       = {Dhivyabharathi Ramasamy and
                  Cristina Sarasua and
                  Alberto Bacchelli and
                  Abraham Bernstein},
  title        = {Workflow analysis of data science code in public GitHub repositories},
  journal      = {Empir. Softw. Eng.},
  volume       = {28},
  number       = {1},
  pages        = {7},
  year         = {2023},
  url          = {https://doi.org/10.1007/s10664-022-10229-z},
  doi          = {10.1007/s10664-022-10229-z},
  timestamp    = {Thu, 05 Jan 2023 17:09:20 +0100},
  biburl       = {https://dblp.org/rec/journals/ese/RamasamySBB23.bib},
  bibsource    = {dblp computer science bibliography, https://dblp.org}
}

@inproceedings{AyalaG23,
  author       = {Jessy Ayala and
                  Joshua Garcia},
  title        = {An Empirical Study on Workflows and Security Policies in Popular GitHub
                  Repositories},
  booktitle    = {1st {IEEE/ACM} International Workshop on Software Vulnerability, SVM@ICSE
                  2023, Melbourne, Australia, May 20, 2023},
  pages        = {6--9},
  publisher    = {{IEEE}},
  year         = {2023},
  url          = {https://doi.org/10.1109/SVM59160.2023.00006},
  doi          = {10.1109/SVM59160.2023.00006},
  timestamp    = {Wed, 09 Aug 2023 16:25:10 +0200},
  biburl       = {https://dblp.org/rec/conf/icse/AyalaG23.bib},
  bibsource    = {dblp computer science bibliography, https://dblp.org}
}

@inproceedings{PuhlfurssMM22,
  author       = {Tim Puhlf{\"{u}}r{\ss} and
                  Lloyd Montgomery and
                  Walid Maalej},
  title        = {An Exploratory Study of Documentation Strategies for Product Features
                  in Popular GitHub Projects},
  booktitle    = {{IEEE} International Conference on Software Maintenance and Evolution,
                  {ICSME} 2022, Limassol, Cyprus, October 3-7, 2022},
  pages        = {379--383},
  publisher    = {{IEEE}},
  year         = {2022},
  url          = {https://doi.org/10.1109/ICSME55016.2022.00043},
  doi          = {10.1109/ICSME55016.2022.00043},
  timestamp    = {Wed, 11 Jan 2023 16:58:31 +0100},
  biburl       = {https://dblp.org/rec/conf/icsm/PuhlfurssMM22.bib},
  bibsource    = {dblp computer science bibliography, https://dblp.org}
}

@inproceedings{HanDXWY19,
  author       = {Junxiao Han and
                  Shuiguang Deng and
                  Xin Xia and
                  Dongjing Wang and
                  Jianwei Yin},
  editor       = {Vladimir Getov and
                  Jean{-}Luc Gaudiot and
                  Nariyoshi Yamai and
                  Stelvio Cimato and
                  J. Morris Chang and
                  Yuuichi Teranishi and
                  Ji{-}Jiang Yang and
                  Hong Va Leong and
                  Hossain Shahriar and
                  Michiharu Takemoto and
                  Dave Towey and
                  Hiroki Takakura and
                  Atilla El{\c{c}}i and
                  Susumu Takeuchi and
                  Satish Puri},
  title        = {Characterization and Prediction of Popular Projects on GitHub},
  booktitle    = {43rd {IEEE} Annual Computer Software and Applications Conference,
                  {COMPSAC} 2019, Milwaukee, WI, USA, July 15-19, 2019, Volume 1},
  pages        = {21--26},
  publisher    = {{IEEE}},
  year         = {2019},
  url          = {https://doi.org/10.1109/COMPSAC.2019.00013},
  doi          = {10.1109/COMPSAC.2019.00013},
  timestamp    = {Thu, 14 Oct 2021 09:50:47 +0200},
  biburl       = {https://dblp.org/rec/conf/compsac/HanDXWY19.bib},
  bibsource    = {dblp computer science bibliography, https://dblp.org}
}